% Some of the example bibliographical entries below were borrowed from the
% <https://www.ctan.org/pkg/biblatex-iso690> package documentation.

% MITTELBACH, Frank; FISCHER, Ulrike. The LATEX Companion:
% Tools and Techniques for Computer Typesetting. 3rd ed. United States:
% Addison-Wesley Professional, 2023. isbn 978-0138166489.

@BOOK{GDRL,
  title     = {Grokking deep reinforcement learning},
  author    = {Morales, Miguel},
  publisher = {Manning Publications},
  year      =  {2020},
  address   = {New York, NY},
  language  = {en},
  isbn      = {978-1617295454}
}

@BOOK{DLVS,
  title     = {Deep learning for vision systems},
  author    = {Elgendy, Mohamed},
  publisher = {Manning Publications},
  year      =  {2020},
  address   = {New York, NY},
  language  = {en},
  isbn      = {978-1617296192}
}

@misc{IB031,
  author       = {Tomáš Brázdil},
  title        = {IB031: Úvod do strojového učení},
  year         = {2024},
  howpublished = {Lecture slides, Masaryk University},
  note         = {Accessed: 2025-01-13, URL: \url{https://is.muni.cz/el/fi/jaro2024/IB031/um/NEW_lecture_slides.pdf}}
}

@misc{PA230,
  author       = {Petr Novotný},
  title        = {PA230: Reinforcement Learning},
  year         = {2024},
  howpublished = {Lecture slides, Masaryk University},
  note         = {Accessed: 2025-01-13, URL: \url{https://is.muni.cz/el/fi/podzim2024/PA230/um/reinforcement_learning_handout.pdf}}
}

@misc{PPO_paper,
      title={Proximal Policy Optimization Algorithms}, 
      author={John Schulman and Filip Wolski and Prafulla Dhariwal and Alec Radford and Oleg Klimov},
      year={2017},
      eprint={1707.06347},
      archivePrefix={arXiv},
      primaryClass={cs.LG},
      url={https://arxiv.org/abs/1707.06347}, 
}

